@article{robert2016cero-regional,
title = "Engaging private actors in transport planning to achieve future emission targets -- upscaling the Climate and Economic Research in Organisations (CERO) process to regional perspectives ",
journal = "Journal of Cleaner Production ",
volume = "140, Part 1",
number = "",
pages = "324 - 332",
year = "2017",
note = "Systematic Leadership towards Sustainability ",
issn = "0959-6526",
doi = "http://dx.doi.org/10.1016/j.jclepro.2015.05.025",
author = "Robèrt, M.",
keywords = "Planning",
keywords = "Sustainable",
keywords = "Transport",
keywords = "Mobility management",
keywords = "Backcasting",
keywords = "CERO "
},
@article{robert2009cero,
author={Robèrt, M.},
title={Climate and economic research in organisations and from a macro perspective},
journal={Progress in Industrial Ecology},
year={2009},
volume={6},
number={3},
pages={265-284},
doi={10.1504/PIE.2009.031065},
source={Scopus},
},
@article{robert2009corporate,
author={Robèrt, M.},
title={A model for climate target-oriented planning and monitoring of corporate travel},
journal={International Journal of Sustainable Transportation},
year={2009},
volume={3},
number={1},
pages={1-17},
doi={10.1080/15568310701517752},
document_type={Article},
source={Scopus},
},
@article{robert2007biofuels,
author={Robèrt, M. and Hultén, P. and Frostell, B.},
title={Biofuels in the energy transition beyond peak oil. A macroscopic study of energy demand in the Stockholm transport system 2030},
journal={Energy},
year={2007},
volume={32},
number={11},
pages={2089-2098},
doi={10.1016/j.energy.2007.05.006},
document_type={Article},
source={Scopus},
},
@article{robert2006stockholm2030,
author={Robèrt, M. and Jonsson, R.D.},
title={Assessment of transport policies toward future emission targets: A backcasting approach for Stockholm 2030},
journal={Journal of Environmental Assessment Policy and Management},
year={2006},
volume={8},
number={4},
pages={451-478},
doi={10.1142/S1464333206002578},
document_type={Article},
source={Scopus},
},
@article{robert2006telecommuting,
author={Robèrt, M. and Börjesson, M.},
title={Company incentives and tools for promoting telecommuting},
journal={Environment and Behavior},
year={2006},
volume={38},
number={4},
pages={521-549},
doi={10.1177/0013916505283422},
document_type={Article},
source={Scopus},
},
@book{ghosh2015dynamic,
  title={Dynamic Systems for Everyone: Understanding How Our World Works},
  author={Ghosh, A.},
  year={2015},
  publisher={Springer International Publishing},
  isbn={978-3-319-10734-9},
  doi={10.1007/978-3-319-10735-6},
  chapter={3},
  pages={43-62}
},
@article{ozawa1996science,
 author = {Ozawa, C. P.},
 journal = {Sociological Perspectives},
 number = {2},
 pages = {219-230},
 publisher = {Sage Publications, Inc.},
 title = {Science in Environmental Conflicts},
 volume = {39},
 year = {1996},
 doi={10.2307/1389309}
},
@book{who2006air,
  title={Air quality guidelines: global update 2005: particulate matter, ozone, nitrogen dioxide, and sulfur dioxide},
  author={{WHO}},
  year={2006},
  publisher={World Health Organization},
  isbn={92-890-2192-6}
},
@book{who2013review,
  title={Review of evidence on health aspects of air pollution - REVIHAAP Project},
  author={{WHO}},
  publisher={World Health Organization, Regional Office for Europe},
  year={2013},
  url={http://www.euro.who.int/__data/assets/pdf_file/0020/182432/e96762-final.pdf}
},
@article{vimercati2011airpollutionmorbidity,
author = {Vimercati, L.},
title =  {{Traffic related air pollution and respiratory morbidity}},
journal  ={Lung India},
volume ={28},
number ={4},
pages  = {238},
doi  = {10.4103/0970-2113.85682},
year  = {2011}
},
@thesis{garcia2014travel,
author = {Garcia i Sierra, M. and Miralles Guasch, C. and Tulla i Pujol, A. F},
title = {Travel behaviour and environmental-transport policy: Theory and empirical studies},
type = {PhD. Thesis},
institution = {Universitat Autònoma de Barcelona},
date = {2014},
isbn = {9788449050558},
url = {http://hdl.handle.net/10803/285544}
},
@inbook{lizeng2012costcongestion,
author = {Li-Zeng, M. and Hong-Ge, Z. and Li-Ren, D.},
title = {The Social Cost of Traffic Congestion and Countermeasures in Beijing},
booktitle = {Sustainable Transportation Systems},
year={2012},
pages = {68-76},
doi = {10.1061/9780784412299.0010}
},
@article {laurenti2015unintended-consequences,
author = {Laurenti, R. and Singh, J. and Sinha, R. and Potting, J. and Frostell, B.},
title = {Unintended Environmental Consequences of Improvement Actions: A Qualitative Analysis of Systems' Structure and Behavior},
journal = {Systems Research and Behavioral Science},
volume = {33},
number = {3},
issn = {1099-1743},
doi = {10.1002/sres.2330},
pages = {381--399},
year = {2015}
},
@report{trafikverket2016asek,
author = {Trafikverket},
title = {Analysmetod och samhällsekonomiska kalkylvärden för transportsektorn: ASEK 6.0},
type = {Report},
institution = {Trafikverket},
date = {2016},
language = {Swedish},
url = {http://www.trafikverket.se/contentassets/4b1c1005597d47bda386d81dd3444b24/hela_dokumentet_asek_6_0.pdf},
urldate={2016-11-28}
},
@article{mizutani2011estimatingcosts,
author = {Mizutani, F. and Suzuki, Y. and Sakai, H.}, 
title = {Estimation of Social Costs of Transport in Japan},
volume = {48}, 
number = {16}, 
pages = {3537-3559}, 
year = {2011}, 
doi = {10.1177/0042098011399597},
journal = {Urban Studies} 
},
@article{rotmans2001,
author = {Rotmans, Jan and Kemp, Ren{\'{e}} and van Asselt, Marjolein},
doi = {10.1108/14636680110803003},
journal = {Foresight},
number = {1},
pages = {15--31},
title = {{More evolution than revolution: transition management in public policy}},
volume = {3},
year = {2001}
},
@article{kohler2009,
author = {K{\"{o}}hler, Jonathan and Whitmarsh, Lorraine and Nykvist, Bj{\"{o}}rn and Schilperoord, Michel and Bergman, Noam and Haxeltine, Alex},
doi = {10.1016/j.ecolecon.2009.06.027},
issn = {09218009},
journal = {Ecological Economics},
keywords = {Agent-based model,Sustainable mobility,Transition theory},
number = {12},
pages = {2985--2995},
publisher = {Elsevier B.V.},
title = {{A transitions model for sustainable mobility}},
volume = {68},
year = {2009}
},
@article{Hjorth2006,
author = {Hjorth, Peder and Bagheri, Ali},
doi = {10.1016/j.futures.2005.04.005},
isbn = {0016-3287},
issn = {00163287},
journal = {Futures},
number = {1},
pages = {74--92},
title = {{Navigating towards sustainable development: A system dynamics approach}},
volume = {38},
year = {2006}
}
