/home/necavit/documents/kth-st/thesis/literature/references.bib